% Encoding: UTF-8

@Misc{osi,
  title     = {OSI Model},
  year      = {2017},
  timestamp = {06.12.2017},
  url       = {https://fthmb.tqn.com/FJRd1u3NJuT-4w3EoA3Pf7HVX9E=/768x0/filters:no_upscale()/Osi-model-jb.svg-57f7b9af3df78c690f6305e8.png},
}
@Misc{ethernet,
  title     = {Ethernet Frame},
  year      = {2017},
  timestamp = {06.12.2017},
  url       = {https://elearning.vector.com/portal/medien/vector_elearning/flash/ethernet_v1/chapter_4/EN/IP_4.3_GRA_EthernetIIFrame_EN.png},
}
@Misc{ip,
  title     = {IPv4 Header},
  year      = {2017},
  timestamp = {06.12.2017},
  url       = {https://nmap.org/book/images/hdr/MJB-IP-Header-800x576.png},
}
@Misc{tcpudp,
  title     = {TCP and UDP header},
  year      = {2017},
  timestamp = {06.12.2017},
  url       = {https://nmap.org/book/tcpip-ref.html},
}
ï»¿@incollection{photography,
  author = {Brockhaus},
  title = {Fotografie},
  booktitle = {Die Brockhaus Enzyklop\"adie Online},
  publisher = {BROCKHAUS / NE GmbH},
  url = {https://fhnw-ch.brockhaus.de/sites/default/files/pdfpermlink/fotografie-1079370b.pdf},
  year = {2017},
}

@incollection{image_processing,
  author = {Brockhaus},
  title = {Bildverarbeitung (Informatik)},
  booktitle = {Die Brockhaus Enzyklop\"adie Online},
  publisher = {BROCKHAUS / NE GmbH},
  url = {https://fhnw-ch.brockhaus.de/sites/default/files/pdfpermlink/bildverarbeitung-informatik--8a087a92.pdf},
  year = {2017},
}

@misc{image_sensor,
  title = {Image sensor with bayer filter},
  year = {2013},
  timestamp = {06.12.2017},
  url = {http://utemthinker.blogspot.ch/2013/12/io.html},
}

@misc{image_operation,
  title = {Point, neighboorhood, global operation},
  year = {2011},
  timestamp = {07.12.2017},
  url = {http://mariobasededatos.blogspot.ch/2011/09/c-h-p-t-er-1-real-time-image-and-video.html},
}

@misc{border_handling,
  title = {INTEL IPP Image Processing Basics },
  year = {2017},
  timestamp = {07.12.2017},
  url = {https://software.intel.com/en-us/node/586159},
}

@manual{nomokoReqs,
  title = {Distributed FPGA for enhanced Imaged Processing},
  author = {nomoko AG},
  organization = {nomoko AG},
  edition = {STP0005},
  month = {March},
  year = {2017},
}

@misc{image_ac701,
  title = {AC701 Picture},
  year = {2017},
  timestamp = {13.12.2017},
  url = {https://www.xilinx.com/content/xilinx/en/products/boards-and-kits/ek-a7-ac701-g/_jcr_content/mainParsys/xilinxtabs2/tab-hardware/xilinximage.img.jpg/1504134323246.jpg}
}
@misc{xilinx_ac701,
  title = {Xilinx AC701 Evaulation Kit},
  year = {2017},
  timestamp = {13.12.2017},
  url = {https://www.xilinx.com/products/boards-and-kits/ek-a7-ac701-g.html#hardware}
}
@misc{temac,
  title = {Xilinx Tri-Mode Ethernet Media Access Controller (TEMAC)},
  year = {2017},
  timestamp = {13.12.2017},
  url = {https://www.xilinx.com/products/intellectual-property/temac.html}
}
@misc{udpipstack,
  title = {OpenCores 1G eth UDP / IP Stack},
  year = {2017},
  timestamp = {13.12.2017},
  url = {https://opencores.org/project,udp_ip_stack}
}
@misc{tiff_format,
  title = {TIFF file format},
  year = {2005},
  timestamp = {13.12.2017},
  url = {http://www.fileformat.info/format/tiff/egff.htm},
}

@pdf{dng_format,
  title = {Digital Negative (DNG) Specification},
  author = {Adobe},
  year = {2012},
  timestamp = {13.12.2017},
  url = {https://wwwimages2.adobe.com/content/dam/acom/en/products/photoshop/pdfs/dng_spec_1.4.0.0.pdf},
}

@ARTICLE{8023, 
  author={}, 
  journal={IEEE Std. 802.3-2015}, 
  title={IEEE Standard for Ethernet}, 
  year={2015}, 
  volume={}, 
  pages={}, 
  doi={10.1109/IEEESTD.2016.7428776}, 
}
@misc{xilinx_amb,
  title = {Xilinx LogiCORE IP AXI Master Burst v2.0},
  year = {2017},
  timestamp = {21.12.2017},
  url = {https://www.xilinx.com/support/documentation/ip_documentation/axi_master_burst/v2_0/pg162-axi-master-burst.pdf}
}

@misc{wireshark,
  title = {Wireshark Packet Analyzer},
  year = {2017},
  timestamp = {28.12.2017},
  url = {https://www.wireshark.org/},
 }

@misc{pragma,
  title = {SDx Pragma Reference Guide},
  year = {2017},
  timestamp = {10.01.2018},
  url = {https://www.xilinx.com/support/documentation/sw_manuals/xilinx2017_1/ug1253-sdx-pragma-reference.pdf},
}

@misc{ccd_cmos,
  title = {CCD vs. CMOS},
  year = {2017},
  timestamp = {02.01.2018},
  url = {http://www.teledynedalsa.com/imaging/knowledge-center/appnotes/ccd-vs-cmos/},
}

@misc{canny_edge,
  title = {Canny Edge Detection },
  year = {2018},
  timestamp = {02.01.2018},
  url = {https://docs.opencv.org/3.3.1/da/d22/tutorial_py_canny.html},
}

@misc{sobel,
  title = {Sobel Derivatives},
  year = {2018},
  timestamp = {02.01.2018},
  url = {https://docs.opencv.org/2.4/doc/tutorials/imgproc/imgtrans/sobel_derivatives/sobel_derivatives.html}
}

@INPROCEEDINGS{sobel_matrix,
author={G. N. Chaple and R. D. Daruwala and M. S. Gofane},
booktitle={2015 International Conference on Technologies for Sustainable Development (ICTSD)},
title={Comparisions of Robert, Prewitt, Sobel operator based edge detection methods for real time uses on FPGA},
year={2015},
volume={},
number={},
pages={1-4},
keywords={edge detection;embedded systems;field programmable gate arrays;image processing;FPGA;Prewitt operator;Robert operator;Sobel operator;VHDL;Xilinx ISE design;edge detection;edge pixels;gray scale image;hardware descriptive language;parallelism techniques;pipelining techniques;real time embedded systems;real time image processing;Algorithm design and analysis;Field programmable gate arrays;Hardware;Image edge detection;Real-time systems;Software;FPGA;VHDL;image edge detection;prewitt operator;robert operator;sobel operator},
doi={10.1109/ICTSD.2015.7095920},
ISSN={},
month={Feb},}

@misc{bram,
  title = {AXI Block RAM (BRAM) Controller v4.0},
  year = {2016},
  timestamp = {10.01.2018},
  url = {https://www.xilinx.com/support/documentation/ip_documentation/axi_bram_ctrl/v4_0/pg078-axi-bram-ctrl.pdf}
}

@misc{vivado_hls,
  title = {Vivado Design Suite User Guide},
  year = {2014},
  timestamp = {10.01.2018},
  url = {https://www.xilinx.com/support/documentation/sw_manuals/xilinx2014_1/ug902-vivado-high-level-synthesis.pdf}
}

@misc{vivado_synthesis,
  title = {Vivado Design Suite Tutorial},
  year = {2014},
  timestamp = {10.01.2018},
  url = {https://www.xilinx.com/support/documentation/sw_manuals/xilinx2014_2/ug871-vivado-high-level-synthesis-tutorial.pdf}
}